@ARTICLE{HayekOnKeynes1,
  author={Hayek Center},
  title={Interview: Friedrich Hayek on John Maynard Keynes},
  year=2009,
  month={},
  volume={},
  number={},
  series={},
  edition={},
  keywords={},
  abstract={No abstract is available for this item.},
  url={\url{http://hayekcenter.org/?p=849}}
}

@BOOK{VeniceMerchants,
 author={White, Jane},
 title={Double entry : how the merchants of Venice created modern finance},
 publisher={W.W. Norton \& Co},
 year={2012},
 address={New York},
 isbn={0393088960}
}

@BOOK{WhyNationsFail,
  title={Why Nations Fail: The Origins of Power, Prosperity, and Poverty},
  author={Acemoglu, D. and Robinson, J.},
  isbn={9780307719232},
  lccn={2011023538},
  url={http://books.google.com/books?id=yIV\_NMDDIvYC},
  year={2012},
  publisher={Crown Publishing Group}
}

@BOOK{Smith1776,
  author={Smith, Adam},
  title={An Inquiry into the Nature and Causes of the Wealth of Nations},
  publisher={McMaster University Archive for the History of Economic Thought},
  year=1776,
  month={},
  volume={},
  number={smith1776},
  series={History of Economic Thought Books},
  edition={},
  keywords={},
  abstract={No abstract is available for this item.},
  url={\url{http://ideas.repec.org/b/hay/hetboo/smith1776.html}}
}


  